<?xml version="1.0" encoding="UTF-8"?><collection xmlns="http://www.loc.gov/MARC21/slim"><record><leader>00728nam--2200205-i-4500</leader><controlfield tag="001">000036822</controlfield><controlfield tag="002">20161230</controlfield><controlfield tag="005">20170204194750</controlfield><controlfield tag="008">060222s1000------------r-----000-0-rum-d</controlfield><datafield ind1=" " ind2=" " tag="040"><subfield code="a">IFIN-HH</subfield></datafield><datafield ind1=" " ind2=" " tag="041"><subfield code="a">rum</subfield></datafield><datafield ind1=" " ind2=" " tag="080"><subfield code="a">53(075)</subfield></datafield><datafield ind1="1" ind2=" " tag="100"><subfield code="a">Popescu, Ion M</subfield></datafield><datafield ind1="1" ind2="0" tag="245"><subfield code="a">Probleme rezolvate de fizica. Notiuni si metode generale ale fizicii. Fundamentele mecanicii nerelativiste. Oscilatii si unde mecanice. Fenomene termice. vol. I</subfield><subfield code="c">Ion M. Popescu, Dan Iordache, Mircea Stan, Stefan Tudorache, Vladimir Fara</subfield></datafield><datafield ind1=" " ind2=" " tag="260"><subfield code="a">Bucuresti</subfield><subfield code="b">Editura Tehnica</subfield><subfield code="c">1984</subfield></datafield><datafield ind1=" " ind2=" " tag="300"><subfield code="a">530 p</subfield></datafield><datafield ind1=" " ind2=" " tag="490"><subfield code="a">Culegeri De Probleme De Matematica Si Fizica</subfield></datafield><datafield ind1="1" ind2=" " tag="700"><subfield code="a">Fara, Vladimir</subfield></datafield><datafield ind1=" " ind2=" " tag="852"><subfield code="a">71965</subfield><subfield code="c">53</subfield></datafield><datafield ind1=" " ind2=" " tag="CAT"><subfield code="a">SYS</subfield><subfield code="c">20170204</subfield><subfield code="h">194750</subfield></datafield></record></collection>